<?xml version="1.0" encoding="UTF-8"?><collection xmlns="http://www.loc.gov/MARC21/slim"><record><leader>00401nam--2200145-i-4500</leader><controlfield tag="001">000034263</controlfield><controlfield tag="002">20161230</controlfield><controlfield tag="005">20161230201040</controlfield><controlfield tag="008">060222s1000------------r-----000-0-eng-d</controlfield><datafield ind1=" " ind2=" " tag="080"><subfield code="a">658.3</subfield></datafield><datafield ind1=" " ind2=" " tag="100"><subfield code="a">Munteanu, D</subfield></datafield><datafield ind1=" " ind2=" " tag="245"><subfield code="a">Stiluri de conducere</subfield></datafield><datafield ind1=" " ind2=" " tag="260"><subfield code="a">Bucuresti, Institutul National De Informare Si Documentare, 1978, 72p</subfield></datafield><datafield ind1=" " ind2=" " tag="490"><subfield code="a">Colectia Probleme Ale Conducerii Moderne</subfield></datafield><datafield ind1=" " ind2=" " tag="852"><subfield code="a">45101</subfield></datafield></record></collection>